<?xml version="1.0" encoding="utf-8" standalone="no" ?>
<collection>

  <record type="Bibliographic">
    <leader>03287ngm0 2200481   4500</leader>
    <controlfield tag="001">1112049</controlfield>
    <datafield ind1=" " ind2=" " tag="100">
      <subfield code="a">20160825d||||    uuuy0frey0103    ba</subfield>
    </datafield>
    <datafield ind1=" " ind2=" " tag="101">
      <subfield code="a">fre</subfield>
    </datafield>
    <datafield ind1=" " ind2=" " tag="102">
      <subfield code="a">FR</subfield>
    </datafield>
    <datafield ind1=" " ind2=" " tag="115">
      <subfield code="a">c|||bahocca||||cbccd</subfield>
      <subfield code="b">|||||||||||||||</subfield>
    </datafield>
    <datafield ind1=" " ind2=" " tag="122">
      <subfield code="a">|||||||||||</subfield>
    </datafield>
    <datafield ind1=" " ind2=" " tag="181">
      <subfield code="a">||</subfield>
      <subfield code="b">||||||</subfield>
      <subfield code="c">tdi</subfield>
      <subfield code="6">01</subfield>
    </datafield>
    <datafield ind1=" " ind2=" " tag="182">
      <subfield code="a">|</subfield>
      <subfield code="c">v</subfield>
      <subfield code="6">01</subfield>
    </datafield>
    <datafield ind1=" " ind2=" " tag="200">
      <subfield code="a">Rencontre - vie professionnelle : chargé de mécénat</subfield>
      <subfield code="b">image animée</subfield>
      <subfield code="e">Enregistrée à la Philharmonie de Paris (Médiathèque) le 30 janvier 2020</subfield>
      <subfield code="f">Pierre-Jean Bouyer, réalisateur</subfield>
      <subfield code="g">avec Zélia Housset, Emma Scribe, Léo Warynski, intervenants</subfield>
      <subfield code="g">Christiane Louis, modératrice de la rencontre</subfield>
    </datafield>
    <datafield ind1=" " ind2=" " tag="210">
      <subfield code="a">Paris</subfield>
      <subfield code="c">Cité de la Musique - Philharmonie de Paris</subfield>
      <subfield code="d">2020</subfield>
    </datafield>
    <datafield ind1=" " ind2=" " tag="215">
      <subfield code="a">1h 7 min 8</subfield>
    </datafield>
    <datafield ind1=" " ind2=" " tag="225">
      <subfield code="a">Les rencontres de la Médiathèque</subfield>
    </datafield>
    <datafield ind1=" " ind2=" " tag="305">
      <subfield code="a">Archivé à la Cité de la musique</subfield>
    </datafield>
    <datafield ind1=" " ind2=" " tag="327">
      <subfield code="a">Intervenants : Zélia Housset, responsable du mécénat musique Caisse des dépôts ; Emma Scribe, chargée de mécénat entreprises pour Démos ; Léo Warynski, directeur artistique de l'ensemble Les Métaboles</subfield>
    </datafield>
    <datafield ind1=" " ind2=" " tag="700">
      <subfield code="3">939672</subfield>
      <subfield code="a">Bouyer</subfield>
      <subfield code="b">Pierre-Jean</subfield>
      <subfield code="o">000000043200126X</subfield>
      <subfield code="4">300</subfield>
    </datafield>
    <datafield ind1=" " ind2="1" tag="702">
      <subfield code="3">1112050</subfield>
      <subfield code="a">Housset</subfield>
      <subfield code="b">Zélia</subfield>
      <subfield code="4">800</subfield>
    </datafield>
    <datafield ind1=" " ind2="1" tag="702">
      <subfield code="3">1112051</subfield>
      <subfield code="a">Scribe</subfield>
      <subfield code="b">Emma</subfield>
      <subfield code="4">800</subfield>
    </datafield>
    <datafield ind1=" " ind2="1" tag="702">
      <subfield code="3">1087913</subfield>
      <subfield code="a">Warynski</subfield>
      <subfield code="b">Léo</subfield>
      <subfield code="f">1982-....</subfield>
      <subfield code="o">0000000464119668</subfield>
      <subfield code="4">800</subfield>
    </datafield>
    <datafield ind1=" " ind2="1" tag="702">
      <subfield code="3">560180</subfield>
      <subfield code="a">Louis</subfield>
      <subfield code="b">Christiane</subfield>
      <subfield code="f">1958-....</subfield>
      <subfield code="4">470</subfield>
    </datafield>
    <datafield ind1=" " ind2=" " tag="801">
      <subfield code="a">FR</subfield>
      <subfield code="b">Cité de la musique</subfield>
    </datafield>
    <datafield ind1=" " ind2="1" tag="856">
      <subfield code="b">RMVI000288900</subfield>
    </datafield>
    <datafield ind1=" " ind2=" " tag="900">
      <subfield code="c">CONTRAT_3</subfield>
    </datafield>
    <datafield ind1=" " ind2=" " tag="911">
      <subfield code="a">DESC68727</subfield>
    </datafield>
    <datafield ind1=" " ind2=" " tag="911">
      <subfield code="a">DESC144957</subfield>
    </datafield>
    <datafield ind1=" " ind2=" " tag="911">
      <subfield code="a">DESC68344</subfield>
    </datafield>
    <datafield ind1=" " ind2=" " tag="911">
      <subfield code="a">DESC1049068</subfield>
    </datafield>
    <datafield ind1=" " ind2=" " tag="942">
      <subfield code="c">UNI4</subfield>
      <subfield code="#">0</subfield>
    </datafield>
    <datafield ind1=" " ind2=" " tag="946">
      <subfield code="a">20200130</subfield>
      <subfield code="#">0</subfield>
    </datafield>
    <datafield ind1=" " ind2=" " tag="959">
      <subfield code="3">1112038</subfield>
      <subfield code="t">Présentation</subfield>
      <subfield code="b">image animée</subfield>
      <subfield code="f">avec Zélia Housset, Emma Scribe, Léo Warynski, intervenants</subfield>
      <subfield code="g">Christiane Louis, modératrice de la rencontre</subfield>
      <subfield code="p">3 min 10</subfield>
    </datafield>
    <datafield ind1=" " ind2=" " tag="959">
      <subfield code="3">1116872</subfield>
      <subfield code="t">Le mécénat culturel</subfield>
      <subfield code="b">image animée</subfield>
      <subfield code="f">avec Zélia Housset, Emma Scribe, Léo Warynski, intervenants</subfield>
      <subfield code="g">Christiane Louis, modératrice de la rencontre</subfield>
      <subfield code="p">22 min 36</subfield>
    </datafield>
    <datafield ind1=" " ind2=" " tag="959">
      <subfield code="3">1116873</subfield>
      <subfield code="t">Les attentes des mécènes</subfield>
      <subfield code="b">image animée</subfield>
      <subfield code="f">avec Zélia Housset, Emma Scribe, Léo Warynski, intervenants</subfield>
      <subfield code="g">Christiane Louis, modératrice de la rencontre</subfield>
      <subfield code="p">11 min 41</subfield>
    </datafield>
    <datafield ind1=" " ind2=" " tag="959">
      <subfield code="3">1116874</subfield>
      <subfield code="t">Mécénat et sponsoring</subfield>
      <subfield code="b">image animée</subfield>
      <subfield code="f">avec Zélia Housset, Emma Scribe, Léo Warynski, intervenants</subfield>
      <subfield code="g">Christiane Louis, modératrice de la rencontre</subfield>
      <subfield code="p">8 min 15</subfield>
    </datafield>
    <datafield ind1=" " ind2=" " tag="959">
      <subfield code="3">1116876</subfield>
      <subfield code="t">Les métiers du mécénat</subfield>
      <subfield code="b">image animée</subfield>
      <subfield code="f">avec Zélia Housset, Emma Scribe, Léo Warynski, intervenants</subfield>
      <subfield code="g">Christiane Louis, modératrice de la rencontre</subfield>
      <subfield code="p">5 min 49</subfield>
    </datafield>
    <datafield ind1=" " ind2=" " tag="959">
      <subfield code="3">1116877</subfield>
      <subfield code="t">Des profils variés</subfield>
      <subfield code="b">image animée</subfield>
      <subfield code="f">avec Zélia Housset, Emma Scribe, Léo Warynski, intervenants</subfield>
      <subfield code="g">Christiane Louis, modératrice de la rencontre</subfield>
      <subfield code="p">7 min 4</subfield>
    </datafield>
    <datafield ind1=" " ind2=" " tag="959">
      <subfield code="3">1116878</subfield>
      <subfield code="t">Stratégies et contextes</subfield>
      <subfield code="b">image animée</subfield>
      <subfield code="f">avec Zélia Housset, Emma Scribe, Léo Warynski, intervenants</subfield>
      <subfield code="g">Christiane Louis, modératrice de la rencontre</subfield>
      <subfield code="p">5 min 19</subfield>
    </datafield>
    <datafield ind1=" " ind2=" " tag="959">
      <subfield code="3">1116879</subfield>
      <subfield code="t">Marché de l'emploi</subfield>
      <subfield code="b">image animée</subfield>
      <subfield code="f">avec Zélia Housset, Emma Scribe, Léo Warynski, intervenants</subfield>
      <subfield code="g">Christiane Louis, modératrice de la rencontre</subfield>
      <subfield code="p">3 min 9</subfield>
    </datafield>
    <datafield ind1=" " ind2=" " tag="959">
      <subfield code="3">1116881</subfield>
      <subfield code="t">Les artistes et le mécénat</subfield>
      <subfield code="b">image animée</subfield>
      <subfield code="f">avec Zélia Housset, Emma Scribe, Léo Warynski, intervenants</subfield>
      <subfield code="g">Christiane Louis, modératrice de la rencontre</subfield>
      <subfield code="p">3 min 11</subfield>
    </datafield>
    <datafield ind1=" " ind2=" " tag="960">
      <subfield code="3">1047024</subfield>
      <subfield code="a">Cité de la musique - Philharmonie de Paris</subfield>
    </datafield>
  </record>

</collection>
